% Encoding: UTF-8

@online{LinuxKernelGitMsg,
    title={Linux Kernel git repository},
    url={https://git.kernel.org/pub/scm/linux/kernel/git/torvalds/linux.git/commit/?id=eac616557050737a8d6ef6fe0322d0980ff0ffde},
    urldate={2020-12-27}
}

@online{LinuxMailingList,
    title={x86: Deprecate a.out support},
    url={https://patchwork.kernel.org/project/linux-fsdevel/patch/20190305145717.GD8256@zn.tnic/},
    urldate={2021-03-08}
}

@online{PhoronixNews,
    title={Linux Kernel Finally Deprecating A.out Support},
    url={https://www.phoronix.com/scan.php?page=news_item&px=Linux-Dropping-A.Out},
    urldate={2020-12-27}
}

@inproceedings{RitchieCLangDev,
  title =        {The Development of the C Language},
  author =       {Dennis M. Ritchie},
  booktitle =    {History of Programming Languages (HOPL-II) Preprints},
  year =         1993,
  key =          {HOPL-II},
  publisher =    {ACM Press/Addison-Wesley},
  note =         {SIGPLAN Notices 28(3)}
}

@book{Levine,
    title={Linkers \& Loaders},
    author={John R. Levine},
    publisher={Morgan Kaufmann Publishers, San Francisco, California},
    year={2000}
}

@book{UnderstandingKernel,
    title={Understanding the Linux Kernel, 3rd Edition},
    author={Daniel P. Bovet, Marco Cesati},
    publisher={O'Reilly},
    year={2005}
}

@book{PDP1140Handbook,
    title={PDP-11/40 processor handbook},
    author={Digital Equipment Corporation},
    publisher={Digital Equipment Corporation},
    year={1972},
    note={\url{https://pdos.csail.mit.edu/6.828/2005/readings/pdp11-40.pdf}}
}

@book{PDP1145Handbook,
    title={PDP-11/45 processor handbook},
    author={Digital Equipment Corporation},
    publisher={Digital Equipment Corporation},
    year={1973},
    note={\url{https://onedrive.live.com/?authkey=\%21AOYnMh16d4YDKq4&cid=7D567B5161FE0EB7&id=7D567B5161FE0EB7\%2136652&parId=7D567B5161FE0EB7\%2136608&o=OneUp}}
}

@online{KernelParam1,
    title={mmap\_min\_addr | sysctl-explorer.net},
    url={https://sysctl-explorer.net/vm/mmap_min_addr/},
    urldate = {2020-11-10}
}

@online{IntelManualVol2A,
	title = {Intel® 64 and IA-32 Architectures Software Developer’s Manual - Volume 2A:
Instruction Set Reference, A-M},
	url = {https://www.intel.com/content/dam/support/us/en/documents/processors/pentium4/sb/25366621.pdf},
	note = {Accessed: 2020-11-11}
}

@online{SyscallRef,
    title={x86 syscall reference sheet},
    url={https://chromium.googlesource.com/chromiumos/docs/+/master/constants/syscalls.md#x86-32_bit},
    urldate = {2020-11-24}
}

@online{ExecStructDef,
    title={a.out.h source code part 1},
    url={https://github.com/torvalds/linux/blob/80145ac2/arch/x86/include/uapi/asm/a.out.h#L5-L15},
    urldate = {2020-11-24}
}

@online{AoutHDef,
    title={a.out.h source code part 2},
    url={https://github.com/torvalds/linux/blob/80145ac2/include/uapi/linux/a.out.h},
    urldate = {2020-11-24}
}

@online{BinfmtAoutC,
    title={binfmt\_aout source code},
    url={https://github.com/torvalds/linux/blob/80145ac2/fs/binfmt_aout.c},
    urldate = {2020-11-24}
}

@online{ElfManPage,
    title={elf man page},
    url={https://man7.org/linux/man-pages/man5/elf.5.html},
    urldate = {2020-11-24}
}

@online{ForkManPage,
    title={fork man page},
    url={https://man7.org/linux/man-pages/man2/fork.2.html},
    urldate = {2021-01-20}
}

@online{FreeBSDAoutManPage,
    title={FreeBSD a.out man page},
    url={https://www.freebsd.org/cgi/man.cgi?a.out(5)},
    urldate = {2020-11-24}
}

@online{SOMix32And64BitInstructions,
    title={Is it possible to use both 64 bit and 32 bit instructions in the same executable in 64 bit Linux?},
    url={https://stackoverflow.com/a/48855022/3357229},
    urldate = {2020-12-29}
}

@online{GDBRemoteProtocol,
    title={GDB Remote Protocol documentation},
    url={https://sourceware.org/gdb/current/onlinedocs/gdb/Remote-Protocol.html},
    urldate = {2021-01-22}
}

@mastersthesis{JBurcham,
  author       = {Jonathan Kenneth William Burcham}, 
  title        = {An X86 emulator written using Java},
  school       = {University of Manchester, Faculty of Engineering and Physical Sciences, School of Computer Science},
  year         = 2005
}

@inproceedings{dorukdesign,
  author       = {Doruk, Alpay and Bulu\c{s}, H Nusret},
  title        = {The Design of an Emulator},
  booktitle    = {Proceedings of UNITECH 2017, Gabrovo, II-265},
  year         = 2017,
  pages        = 265--269,
  publisher    = {International Scientific Conference (UNITECH 2017, Gabrovo)}
}

@inproceedings{DBLP:conf/aswec/UngC97,
  author    = {David Ung and
               Cristina Cifuentes},
  title     = {{SRL} 3/4-A Simple Retargetable Loader},
  booktitle = {1997 Australian Software Engineering Conference {(ASWEC} '97), 28
               September - 2 October 1997, Sydney, Australia},
  pages     = {60--69},
  publisher = {{IEEE} Computer Society},
  year      = {1997},
  url       = {https://doi.org/10.1109/ASWEC.1997.623755},
  doi       = {10.1109/ASWEC.1997.623755},
  timestamp = {Wed, 16 Oct 2019 14:14:49 +0200},
  biburl    = {https://dblp.org/rec/conf/aswec/UngC97.bib},
  bibsource = {dblp computer science bibliography, https://dblp.org}
}

@Comment{jabref-meta: databaseType:biblatex;}
